2117 2503
1060 129 1081 160 9

706 227 784 269 τύχᾳ
803 227 828 258 ὁ’
846 225 1058 269 εὖπροσῶπωι
1074 231 1177 260 κοῖται
1194 229 1230 260 τὸ
1247 229 1314 260 πᾶν

706 278 784 308 ἰδεῖν
801 276 934 308 οἰκοῦσαι
952 280 1135 319 θρεομένοις

705 325 938 366 μετοικοὸόμων
954 329 1128 357 πεσοῦνται
1146 326 1253 358 πάλιν.
1281 329 1343 357 κτλ.

219 391 311 427 Quae
327 389 462 422 Weilius
479 389 525 421 sic
542 388 693 421 mutavit:

708 449 797 488 Τάχα
815 450 848 482 δὲ
866 450 1019 491 παντελὴς
1035 449 1147 491 χρόνος
1164 449 1337 494 ἀμείψεται

706 499 855 542 πρόθυρα
873 498 1026 540 δωμάτων
1045 501 1056 540 [
1065 523 1247 535 υυυυυυ
1251 502 1263 541 ]

707 550 785 582 ὅταν
802 549 857 591 ἀφ’
875 549 980 585 ἑστίας
996 552 1062 581 πᾶν
1079 550 1180 595 ἐλαθῇ
1196 550 1294 590 μύσος

707 602 921 641 καθαρμοῖσιν
938 597 1019 630 ἆτᾶν
1036 599 1216 640 ἐλατηρίοις.

707 649 785 690 τύχᾳ
803 649 828 680 δ’
846 647 1043 691 εὖπροσώπῳ
1062 651 1232 690 κοι[μᾶ]ται
1249 651 1285 682 τὸ
1306 652 1383 681 πᾶν.

706 701 837 740 τρέομεν
854 699 889 734 ἃς
908 698 957 738 [δ’]
976 699 1054 730 ἰδεῖν
1072 698 1202 730 ἀκοῦσαι
1221 699 1275 740 [θ’]
1295 702 1324 740 [ν
1340 701 1368 739 -]

705 751 842 788 μέτοικοι
860 748 965 788 δόμων
982 752 1155 780 πεσοῦνται
1172 749 1279 781 πάλιν.

219 825 261 856 At
285 825 317 855 in
338 824 445 866 priore
468 823 596 865 quidem
619 829 711 866 parte
736 824 823 855 nulla
841 829 890 855 est
907 835 1035 864 caussa,
1054 835 1111 855 cur
1129 823 1349 855 dochmiacum
1368 823 1513 854 ordinem
1530 823 1690 854 interiisse
1708 829 1874 865 putemus,
1893 825 1920 855 si

219 873 349 916 stropha
372 874 418 905 ita
440 874 606 913 scribitur,
632 878 668 905 ut
689 885 786 916 supra
810 885 881 905 eam
902 874 1052 916 scriptam
1075 873 1274 905 exhibuimus
1298 884 1402 915 neque
1425 873 1457 904 in
1481 872 1618 904 scholio:
1650 871 1667 904 ὅ
1689 873 1798 905 πάντα
1824 875 1924 906 τελῶν

218 924 329 965 χρόνος
344 924 384 955 τὰ
402 923 552 965 πρόθυρα
570 926 632 956 τῶν
650 923 802 963 δωμάτων
820 922 943 961 ἀλλάξει
961 922 1026 955 ἀπὸ
1043 926 1213 964 κατηφείας
1238 925 1280 959 εἰς
1304 923 1526 964 λαμπρότητα,
1546 923 1629 954 inest
1645 922 1836 965 quidquam,
1856 935 1922 966 quo

218 974 325 1006 Weilii
343 973 448 1016 opinio
467 974 680 1005 confirmetur.
732 974 839 1005 Verba
862 973 945 1005 enim
969 972 1033 1004 ἀπὸ
1057 977 1225 1014 κατηφείας
1249 974 1290 1008 εἷς
1307 972 1513 1014 λαμπρότητα
1537 972 1715 1015 explicandi
1733 984 1846 1005 caussa
1863 974 1921 1005 ad-

215 1023 304 1066 jecta
327 1029 418 1064 sunt,
443 1029 496 1063 ut,
523 1023 623 1065 qualis
648 1023 755 1054 futura
781 1028 866 1054 esset
890 1023 1043 1062 mutatio,
1069 1022 1283 1054 illustraretur
1308 1033 1411 1064 neque
1436 1022 1501 1053 ulla
1526 1023 1724 1065 interceptae
1745 1024 1921 1055 sententiae

218 1073 356 1116 vestigia
373 1073 544 1105 continent.
581 1073 655 1104 Hoc
672 1084 748 1104 vero
766 1073 954 1115 probamus,
974 1072 1060 1114 quod
1078 1072 1211 1103 Weilius
1229 1071 1310 1103 hanc
1334 1072 1471 1103 instituit
1493 1072 1663 1104 verborum
1681 1071 1921 1114 trajectionem:

753 1147 831 1180 ὅταν
847 1146 903 1189 ἀφ’
920 1147 1026 1183 ἑστίας
1043 1149 1109 1179 πᾶν
1126 1148 1227 1192 ἐλαθῇ
1243 1146 1350 1187 μύσος,

219 1223 278 1255 nisi
297 1222 382 1266 quod
400 1221 496 1268 ἐλάσῃ
514 1221 713 1254 retinendum
731 1233 915 1263 censemus,
940 1233 1038 1265 quum
1061 1227 1186 1265 tempus
1211 1222 1313 1265 ipsum
1330 1222 1540 1254 mutationem
1556 1221 1664 1254 facere
1681 1222 1859 1266 cogitetur,
1886 1227 1923 1254 ut

220 1280 253 1305 et
269 1274 439 1305 scholiasta
456 1279 544 1305 recte
562 1274 788 1315 interpretatur
805 1279 838 1305 et
855 1273 973 1305 similes
991 1273 1053 1305 loci
1070 1273 1203 1305 docent:
1229 1272 1363 1305 Eumen.
1383 1285 1412 1304 v.
1434 1273 1505 1305 286
1524 1273 1633 1314 χρόνος
1650 1276 1798 1315 καθαίρει
1815 1272 1923 1305 πάντα

219 1324 380 1364 γηράσκων
397 1323 484 1363 ὁμοῦ.
520 1322 634 1365 Neque
653 1323 772 1354 addere
790 1322 927 1355 debebat
945 1323 1072 1362 chorus,
1091 1323 1192 1366 qualis
1210 1321 1317 1354 futura
1334 1328 1418 1354 esset
1436 1322 1564 1354 aedium
1580 1323 1725 1354 mutatio.
1767 1323 1921 1366 Aegistho

220 1373 303 1405 enim
321 1378 354 1405 et
371 1372 626 1416 Clytaemnestra
643 1373 810 1405 trucidatis
829 1385 911 1415 quae
929 1373 991 1405 alia
1009 1385 1079 1405 esse
1096 1377 1240 1416 poterat,
1259 1373 1317 1404 nisi
1335 1372 1601 1413 fortxmatissima,
1627 1372 1760 1404 simulac
1783 1373 1921 1405 matrici-

220 1423 307 1454 dium
325 1423 445 1454 elutum
464 1427 533 1454 est?
584 1423 650 1454 Pro
668 1422 769 1461 ἇτᾶν,
789 1423 875 1465 quod
892 1423 1062 1455 Schuetzio
1081 1428 1214 1455 auctore
1230 1423 1327 1466 vulgo
1344 1423 1476 1466 legitur,
1501 1422 1584 1455 ἄταν
1605 1423 1837 1455 restituendum
1860 1428 1919 1464 est,

220 1473 306 1515 quod
323 1473 453 1515 propius
472 1473 513 1504 ad
529 1473 708 1504 Mediceum
727 1473 851 1504 accedit
868 1478 900 1505 et
917 1485 957 1505 ex
973 1474 1145 1515 ἐλατηρίοις
1161 1484 1348 1517 suspensum
1365 1479 1431 1514 est,
1456 1479 1492 1505 ut
1516 1474 1549 1504 in
1566 1473 1667 1516 primo
1692 1474 1830 1505 carmine
1847 1474 1923 1512 χοὰς

219 1522 411 1563 προπομπός
437 1527 469 1554 et
486 1523 610 1554 similia.
663 1523 757 1554 Haec
781 1528 869 1555 certa
886 1528 1051 1566 putamus,
1075 1524 1107 1555 in
1131 1523 1262 1566 reliquis
1279 1534 1355 1555 vero
1373 1523 1458 1555 ultra
1482 1523 1740 1566 probabilitatem
1763 1523 1924 1566 quandam

221 1571 374 1616 progredi
399 1583 461 1604 non
483 1572 568 1605 licet.
621 1572 705 1605 Nam
730 1584 828 1615 quum
852 1574 950 1606 verba
973 1573 1051 1616 τύχᾳ
1076 1573 1101 1605 δ’
1126 1572 1336 1615 εὐπροσῶπωι
1359 1576 1460 1605 κοῖται
1478 1574 1541 1605 κτλ.
1561 1573 1739 1614 intuemur,
1758 1573 1923 1605 confestim

221 1628 355 1666 apparet
372 1634 520 1655 numeros
539 1623 782 1666 antistrophicos
809 1623 889 1656 adeo
914 1624 1044 1656 differre
1068 1636 1087 1656 a
1104 1623 1288 1667 strophiois,
1313 1629 1348 1655 ut
1366 1635 1459 1656 omne
1477 1623 1668 1656 emendandi
1685 1624 1848 1656 consilium
1866 1625 1922 1656 ab-

215 1672 390 1716 jiciendum
408 1673 564 1705 videatur.
616 1674 843 1706 Verumtamen
861 1673 1002 1717 trajectis
1020 1674 1124 1705 verbis
1142 1674 1220 1716 τύχᾳ
1238 1673 1435 1717 εὖπροσιόπῳ
1453 1675 1577 1706 numeri
1593 1676 1676 1706 bene
1692 1673 1885 1718 procedunt:

441 1758 508 1790 στρ.
564 1753 672 1789 κρατεῖ
686 1749 710 1780 δ’
729 1748 780 1781 ciet
796 1753 830 1788 γέ
845 1763 910 1785 πως
928 1750 963 1781 τὸ
982 1753 1083 1781 θεῖον.
1103 1750 1190 1791 παρὰ
1208 1750 1245 1781 τὸ
1260 1750 1301 1790 μὴ

768 1797 989 1811 .....

440 1796 508 1829 ἆντ.
563 1801 664 1830 κοῖται
682 1799 717 1830 τὸ
736 1812 801 1830 παν
818 1799 897 1830 ιδειν
914 1809 1045 1831 ακουσαι
1062 1801 1253 1840 θρεομὲνοις.

219 1860 419 1904 pariterque:

437 1932 505 1963 στρ.
560 1921 727 1964 ὑπουργεῖν
749 1928 860 1959 κακοῖς.
895 1921 999 1966 ι’ίΙξιον
1030 1923 1055 1953 δ’
1085 1920 1295 1967 οὖρανοῦΙχον
1312 1921 1413 1963 ἀρχὰν
1431 1926 1543 1963 σέβειν.

438 1970 506 2003 ἆντ.
562 1971 640 2014 τύχᾳ
659 1971 684 2002 ὀ’
703 1970 900 2015 εὖπροσώπῳ
923 1967 928 2020 Ι
951 1975 1085 2013 μέτοικοι
1103 1970 1208 2012 δόμων
1230 1967 1236 2019 1
1260 1974 1434 2004 πεσοῦνται
1459 1971 1564 2004 πάλιν.

222 2047 276 2078 Sic
300 2047 398 2089 igitur
421 2052 524 2079 metro
552 2047 707 2078 suadente
731 2047 772 2078 ad
796 2047 1017 2090 trajectionem
1039 2047 1244 2087 deducimur,
1270 2059 1334 2090 qua
1352 2048 1412 2079 hoc
1429 2047 1522 2079 simul
1544 2048 1598 2087 fit,
1624 2054 1662 2080 ut
1686 2048 1926 2081 violentioribus

221 2095 411 2139 conjecturis
429 2097 591 2129 abstinere
605 2096 787 2140 jubeamur.
839 2098 944 2140 Atque
960 2097 1138 2140 posteriora
1154 2097 1284 2140 quidem
1301 2108 1430 2141 prorsus
1448 2108 1526 2130 sana
1543 2103 1634 2130 sunt:

567 2172 647 2214 τύχᾳ
664 2173 689 2204 ‹3’
709 2171 906 2215 εὖπροσώπῳ
922 2175 1058 2212 μέτοικοι
1075 2172 1181 2213 δόμων
1197 2175 1370 2205 πεσοῦνται
1387 2172 1495 2206 πάλιν.
