2117 2503
1041 28 1085 126 1⁸0

196 195 355 237 facileque
373 195 575 238 intelligitur,
595 195 671 236 quid
685 195 864 226 sententiae
878 195 1077 225 contineant:
1096 194 1130 224 Ii
1149 194 1214 234 qui
1233 192 1365 226 adhuc
1382 194 1575 235 inquilini
1594 195 1752 226 aedium
1770 201 1808 226 et
1826 206 1918 226 exu-

198 245 261 277 les
279 244 462 281 fuerunt,
477 255 580 275 nunc
594 244 811 275 laetiorem
829 255 962 274 rerum
977 254 1140 274 suarum
1155 243 1438 275 condicionem
1456 244 1769 284 nanciscentur,
1784 244 1917 286 qualis

199 295 508 336 Agamemnone
527 294 622 325 vivo
640 293 790 324 fuerat.
843 293 959 324 Priora
984 297 1091 323 autem
1116 295 1218 324 κοῖται
1241 294 1277 325 τὸ
1302 296 1369 324 πᾶν
1393 293 1472 324 ἰδεῖν
1497 291 1628 324 ἀκοῦσαι
1645 296 1829 334 θρεομένοις
1854 305 1917 336 qua

199 344 326 375 ratione
344 342 543 374 restituenda
562 343 634 382 sint,
654 343 808 384 suspicari
833 342 926 380 licet,
952 353 1011 384 pro
1036 347 1124 373 certo
1144 341 1251 373 dicere
1268 353 1331 373 non
1349 343 1434 373 licet.
1488 343 1563 374 Hoc
1585 347 1692 374 tamen
1714 343 1917 375 manifestum

199 393 330 424 videtur
346 395 449 424 κοῖται
466 403 526 424 nec
540 403 611 423 cum
624 392 812 423 Hermanno
831 391 1022 434 ejiciendum
1040 402 1122 430 esse,
1142 402 1201 423 nec
1218 402 1290 423 cum
1304 392 1420 424 Weilio
1439 392 1625 424 mutandum
1642 393 1674 425 in
1687 396 1845 433 κοιμᾶται,
1858 392 1916 424 sed

203 443 379 484 antiquitus
397 443 550 484 scriptum
564 442 661 473 fuisse
678 446 777 472 κεῖται
796 442 935 484 imagine
954 453 973 472 a
990 441 1128 472 talorum
1143 440 1233 483 jactu
1251 441 1360 481 ducta,
1375 442 1416 473 ad
1431 454 1525 484 quam
1543 445 1715 474 πεσοῦνται
1733 443 1763 473 in
1782 453 1916 484 sequen-

202 493 288 523 tibus
306 492 455 534 pertinet·
483 491 624 533 Reliqua
642 491 687 522 sic
705 490 932 523 conformanda
951 502 1127 530 censemus,
1147 496 1182 522 ut
1196 493 1379 531 θρεομένοις
1397 498 1529 524 auctore
1542 492 1722 532 scholiasta,
1742 493 1796 535 qui
1811 493 1917 523 Gene-

203 542 322 582 tivum,
348 553 411 573 non
432 540 588 573 Dativum
613 541 711 584 legit:
737 540 892 580 λεγόντων
911 540 1061 579 ἀκοῦσαι,
1085 546 1242 573 mutemus
1266 540 1298 571 in
1315 544 1499 582 θρεομένων
1522 542 1688 584 ejectoque
1713 544 1810 574 verbo
1829 543 1918 580 ἰδεῖν,

205 592 291 634 quod
312 591 379 634 jam
404 591 610 623 Hermannus
635 590 822 633 expulerat,
842 591 1017 622 inseramus
1043 592 1188 623 voculam
1211 591 1367 633 aliquam,
1390 602 1470 633 qua,
1491 593 1651 634 quomodo
1676 603 1727 624 res
1756 592 1919 632 ceciderit,

206 641 424 686 significetur:
443 643 553 678 καλῶς.
598 642 670 677 Quo
689 640 775 673 facto
793 640 845 673 hic
862 640 969 685 prodit
987 651 1136 673 versuum
1155 641 1447 684 sententiarumque
1465 641 1563 674 ordo:

599 721 696 748 κεῖται
715 716 751 748 τὸ
770 719 836 748 πᾶν
856 718 977 757 [καλῶς]
996 715 1128 749 ἀκοῦσαι
1145 719 1342 759 θρεομένων,

601 766 679 807 τύχᾳ
698 767 723 796 δ’
742 765 940 808 εὖπροσώπῳ
958 770 1095 806 μέτοικοι
1115 767 1219 806 δόμων
1237 770 1409 799 πεσοῦνται
1429 767 1535 798 πάλιν.

207 843 244 873 Ιιι
263 843 375 873 ultima
392 842 492 885 igitur
510 842 642 884 stropha
660 841 776 872 chorus
795 842 933 873 laetatur
951 842 1034 873 felici
1052 852 1159 873 rerum
1178 847 1282 881 statu,
1307 842 1364 873 sed
1388 842 1492 874 animo
1518 842 1610 874 simul
1627 843 1810 886 praesagit,
1837 843 1918 875 Ore-

208 898 289 924 stem
314 892 455 924 nondum
481 902 606 924 omnem
632 891 780 924 fortunae
806 892 1006 924 vexationem
1033 892 1186 935 effugisse
1209 897 1306 934 atque
1329 897 1416 924 tecta
1433 892 1493 925 hac
1518 892 1647 936 culpae,
1672 905 1768 935 quam
1786 893 1917 925 Orestes

206 943 318 974 matris
342 941 443 974 caede
468 942 690 981 commiserat,
715 942 877 974 mentione
903 942 984 973 viam
1002 943 1184 984 praemunit
1210 942 1250 974 ad
1274 947 1469 985 postremam
1495 942 1622 975 fabulae
1645 948 1786 986 partem,
1805 944 1836 974 in
1854 955 1919 986 qua

208 992 342 1024 Orestes
361 993 466 1023 animo
485 993 691 1034 perturbatus
708 992 944 1033 Furiarumque
961 992 1095 1023 terribili
1116 992 1268 1035 adspectu
1286 993 1534 1034 perterrefactus
1552 993 1722 1025 inducitur.

307 1092 447 1123 Peracta
466 1092 683 1135 disputatione
701 1097 805 1124 totum
823 1103 950 1124 carmen
976 1092 1016 1124 ad
1041 1098 1182 1124 nostram
1207 1093 1396 1126 sententiam
1421 1093 1652 1127 conformatum
1676 1105 1713 1127 ac
1732 1094 1918 1138 dispositum

206 1153 270 1173 uno
289 1143 321 1173 in
339 1148 512 1185 conspectu
530 1154 701 1185 ponamus:

999 1240 1067 1271 στρ.
1090 1233 1133 1262 α’.

880 1306 1015 1335 HMIX
1026 1306 1191 1336 OPION
1214 1309 1253 1337 A.

259 1366 330 1398 935
399 1365 509 1407 Ἔμολε
526 1371 584 1407 μὲν
602 1368 670 1399 δίκα
690 1369 879 1409 Πριαμίδαις
896 1367 997 1410 χρόνῳ
1014 1368 1177 1409 βαρύδικος
1194 1369 1299 1401 ποινά.

875 1456 1188 1488 ΗΜΙΧΟΡῙΟΝ
1219 1458 1256 1489 Β.

399 1514 508 1557 Ἔμολε
527 1517 552 1548 δ’
571 1517 600 1552 ἐς
618 1516 715 1558 δόμον
733 1518 790 1550 τὸν
803 1516 1024 1558 Ἀγαμέμνονος

405 1567 533 1602 διπλοῦς
549 1568 647 1605 λέων,
666 1568 795 1604 διπλοῦς
820 1566 915 1610 Ἄρης.
944 1568 1037 1601 ἔλασε
1055 1569 1081 1600 δ’
1099 1570 1129 1605 ἐς
1148 1570 1183 1601 τὸ
1200 1572 1268 1602 πᾶν

260 1616 332 1647 940
408 1615 424 1648 ὅ
451 1617 674 1658 πιιθοχρῆστας
692 1619 792 1658 φυγᾶς
810 1619 930 1650 θεόθεν
948 1617 982 1650 εὖ
1000 1621 1176 1660 φραδαῖσιν
1193 1620 1379 1661 ὡρμημένος.

998 1729 1068 1761 μεσ.
1091 1721 1131 1761 β’.

881 1795 1067 1827 ΧΟΡΟΣ
1091 1794 1254 1828 ὉΑΟΣ.

402 1853 618 1893 Ἐπολολύξατ’
637 1853 661 1885 ὦ
675 1855 882 1887 δεσποσύνων
900 1856 1004 1897 δόμων
1020 1856 1186 1899 ἀναφυγὰς
1203 1861 1304 1891 κακῶν
1320 1864 1371 1891 καὶ
1388 1859 1526 1892 κτεάνων
1543 1863 1646 1903 τριβᾶς

261 1905 332 1936 945
408 1903 484 1936 ὑπαὶ
503 1906 592 1937 δυοῖν
604 1905 812 1946 μιαστόροιν,
831 1906 982 1946 δυσοίμου
1000 1907 1104 1947 τύχας.

990 2007 1057 2040 ἀντ.
1089 2011 1133 2040 α’.

874 2083 1005 2115 ΗΜῚΧ
1014 2085 1047 2116 ’0
1055 2084 1113 2115 PT
1116 2085 1188 2116 ΟΝ
1220 2088 1257 2117 A.

396 2141 507 2182 Ἔμολε
525 2143 551 2174 δ’
570 2140 594 2185 ᾧ
610 2145 695 2184 μέλει
713 2145 906 2186 κρυπταδίου
924 2145 1024 2185 μάχας
1041 2147 1219 2189 δολιόφρων
1236 2149 1342 2180 ποινά.
