2117 2503
1053 119 1074 150 7

210 223 242 254 h.
267 233 316 254 e.:
348 220 722 262 „Quemadmodum
750 224 867 251 vates
900 218 1127 251 Parnasius
1158 229 1345 263 inagnum
1377 224 1521 251 tenens
1555 219 1749 262 angulum
1781 225 1921 253 terrae

210 272 465 304 vaticinatus
498 275 574 310 est,
607 270 665 301 sic
695 269 870 302 Justitia
904 268 1010 301 dolis
1042 279 1117 301 non
1151 268 1308 301 dolosis
1341 268 1497 312 culpam
1522 269 1801 302 inveteratam
1828 282 1920 314 per-

211 322 326 364 sequi
336 322 437 353 tur.“

310 371 420 402 Altera
438 370 588 413 strophae
606 380 680 412 pars
698 369 730 400 in
746 368 892 401 Mediceo
910 368 956 400 sic
974 368 1108 412 legitur:

748 432 906 469 κρατεῖται
925 427 992 463 πῶς
1008 427 1044 458 τὸ
1061 430 1153 458 θεῖον

749 478 837 520 παρὰ
854 478 891 509 τὸ
907 477 948 518 μὴ
965 475 1135 517 ὑπουργεῖν
1151 481 1266 515 κακοῖς,

747 526 837 567 ἄξιον
854 526 880 558 δ’
898 525 1092 569 οὗρανοΐνχον
1108 526 1210 570 ἆρχᾶν
1226 530 1339 568 σέβειν.

747 578 836 619 πάρα
854 590 887 609 τε
905 581 972 619 φῶς
988 578 1075 609 ἰδεῖν.

204 643 304 675 Haec
327 641 487 685 quomodo
512 642 551 672 ab
575 641 763 673 Hermanno
788 639 922 683 aliisque
945 640 1007 671 sint
1032 645 1154 671 mutata
1165 664 1174 680 ,
1199 639 1273 672 nolo
1298 639 1419 672 referre
1443 641 1519 673 satis
1553 640 1671 673 ducens
1694 642 1786 674 unius
1810 642 1918 674 Weilii

210 704 388 725 memorare
406 692 611 735 scripturam:

697 745 856 782 κρατεῖται
875 741 944 782 [γὰρ
964 739 1080 780 οῧ]πως
1096 741 1133 772 τὸ
1151 744 1242 773 θεῖον
1260 743 1404 782 [βροτοῖς]

698 789 786 832 πάρα
803 790 839 823 τὸ
855 791 897 831 μὴ
915 792 943 831 [υ
958 791 987 830 ..]
1005 788 1173 831 ὑπουργεῖν
1188 795 1300 827 κακοῖς.

698 838 768 879 ἄξια
786 840 812 871 δ’
830 838 1023 882 οὐρανοῦχον
1040 839 1142 881 ἆρχᾶν
1158 843 1271 880 σέβειν.
1304 842 1368 873 κτλ.

211 900 241 931 Ε
260 900 373 942 quihus
391 899 452 931 hoc
468 899 657 942 probamus,
677 898 763 941 quod
779 898 965 941 Hartungio
983 903 1115 930 auctore
1131 909 1190 941 pro
1209 900 1298 940 παρὰ
1315 900 1351 931 τὸ
1368 900 1409 941 μὴ
1433 898 1600 941 ὑπουργεῖν
1623 899 1749 942 scripsit
1772 899 1861 939 πάρα
1879 900 1915 931 τὸ

209 951 252 991 μὴ
269 949 453 991 ὑπουργεῖν,
472 949 596 991 reliqua
613 959 689 980 vero
706 948 808 980 minus
827 947 962 980 feliciter
979 947 1124 990 conjecta
1141 953 1300 991 putamus.
1345 949 1499 985 Quamvis
1524 949 1607 981 enim
1623 949 1757 981 Weilius
1775 961 1813 981 ex
1833 950 1913 981 anti-

212 999 334 1043 strophi
348 999 538 1043 corruptelis
552 998 711 1031 violentae
724 999 907 1030 mutationis
921 999 1158 1030 excusationem
1171 999 1330 1041 quandam
1344 1005 1456 1043 petere
1462 1000 1573 1042 possit,
1584 1005 1690 1032 tamen
1698 1000 1751 1042 qui
1762 999 1912 1042 strophae

211 1050 384 1082 sententias
405 1060 617 1092 numerosque
637 1048 904 1088 consideraverit,
930 1059 1003 1081 eum
1023 1047 1270 1092 haudquaquam
1294 1050 1500 1093 praeteribit,
1527 1049 1690 1093 stropham
1714 1049 1911 1093 antistropho

210 1100 384 1132 minoribus
402 1099 550 1131 laborare
566 1099 650 1131 vitiis
668 1109 802 1141 eamque
819 1099 860 1130 ob
878 1109 1023 1131 caussam
1041 1110 1104 1131 non
1127 1099 1158 1131 in
1181 1099 1313 1142 stropha
1337 1100 1394 1132 sed
1417 1101 1449 1132 in
1475 1099 1672 1144 antistropho
1690 1099 1805 1132 fortem
1823 1100 1911 1132 adhi-

209 1149 347 1182 bendam
365 1161 435 1181 esse
453 1149 651 1181 medicinam.
705 1150 811 1191 Atque
828 1149 1005 1180 sententiae
1022 1148 1151 1191 quidem
1167 1149 1319 1192 strophae
1336 1150 1412 1182 satis
1430 1156 1504 1182 sunt
1521 1150 1685 1193 integrae,
1699 1150 1759 1182 nisi
1778 1150 1862 1192 quod
1880 1150 1912 1181 in

210 1200 312 1243 primo
340 1210 453 1238 versu,
485 1199 539 1241 qui
569 1199 745 1231 arctissime
766 1209 866 1231 nexus
890 1209 962 1230 cum
985 1198 1246 1231 antecedentibus
1275 1205 1342 1242 est,
1371 1200 1452 1232 haec
1475 1200 1665 1243 requiritur:
1697 1211 1772 1232 non
1802 1212 1819 1230 v
1829 1201 1838 1231 i
1848 1201 1911 1232 nei

209 1249 387 1282 Deorum
417 1249 658 1292 potentiam,
693 1248 765 1281 sed
796 1259 957 1292 semper
988 1260 1057 1281 eos
1083 1249 1306 1282 victoriam
1331 1255 1562 1294 reportare3
1596 1250 1718 1282 numeri
1741 1261 1816 1282 vero
1848 1261 1910 1293 qua

209 1300 333 1332 ratione
351 1299 519 1343 digerendi
545 1300 623 1339 sint,
648 1304 739 1342 patet
761 1310 800 1331 ex
818 1298 908 1331 hiatu
931 1299 1021 1340 πάρα
1045 1300 1080 1331 τὸ
1098 1300 1139 1341 μὴ
1155 1318 1206 1324 —-
1223 1299 1390 1341 ὑπουργεῖν
1406 1306 1519 1337 κακοῖς.
1570 1300 1621 1332 Ex
1645 1311 1709 1343 quo
1732 1301 1910 1333 necessario

209 1350 414 1393 consequitur
431 1360 557 1381 versum
576 1360 646 1381 esse
663 1360 742 1382 voce
757 1350 799 1391 μὴ
815 1348 1048 1382 terminandum
1066 1360 1170 1392 neque
1187 1350 1373 1382 mutandum
1391 1350 1582 1394 quidquam,
1606 1351 1666 1382 nisi
1690 1352 1819 1382 verbum
1837 1364 1909 1391 κρα-

208 1405 325 1438 τεῖται,
344 1411 408 1443 quo
426 1400 583 1432 sententia
601 1411 731 1443 prorsus
748 1400 907 1432 turbatur.
958 1399 1000 1431 Ei
1018 1400 1219 1443 corruptelae
1236 1400 1433 1434 medebimur
1451 1401 1497 1433 sic
1514 1399 1697 1433 scribendo:

400 1463 509 1500 κρατεῖ
523 1458 549 1489 δ’
566 1457 618 1490 ἆεί
632 1461 668 1498 γέ
683 1471 748 1494 πως
766 1459 803 1491 τὸ
819 1461 921 1490 θεῖον.
939 1458 1028 1503 πάρα
1045 1459 1082 1490 τὸ
1097 1459 1139 1501 μῆ

402 1507 571 1550 ὗποινργεῖν
587 1512 705 1547 κακοῖς,
723 1507 812 1547 ἄξιον
828 1508 854 1540 δ’
872 1507 1066 1550 οὗρανοῦχον
1082 1507 1184 1551 ἆρχᾶν
1201 1511 1315 1550 σέβειν.
1335 1509 1423 1551 πάρα
1440 1510 1476 1541 τὸ
1493 1511 1560 1551 φῶς
1575 1510 1663 1541 ἰδεῖν.

205 1570 364 1603 Videlicet
380 1575 540 1614 κρατεῖται
558 1571 747 1603 mutavimus
765 1571 797 1603 in
813 1575 924 1614 κρατεῖ
936 1571 963 1603 δ’
979 1570 1029 1603 ἆεὶ
1045 1571 1164 1603 inserto
1182 1583 1226 1611 γε,
1243 1570 1330 1614 quod
1347 1582 1366 1603 a
1383 1571 1539 1604 sententia
1551 1582 1614 1603 non
1627 1570 1792 1612 abhorret,
1808 1576 1909 1603 metro

205 1621 387 1665 flagitatum
408 1622 532 1665 reliqua
549 1627 675 1663 autem,
700 1622 850 1665 quoniam
867 1621 1060 1665 aptissimam
1078 1621 1197 1654 hahent
1213 1621 1400 1654 sententiam
1417 1627 1585 1664 rectosque
1602 1632 1770 1662 numeros,
1790 1621 1909 1654 intacta

205 1671 400 1714 reliquimus.
452 1673 559 1715 Atque
581 1684 621 1704 ne
645 1672 726 1704 haec
748 1671 878 1715 quidem
900 1670 989 1711 ἄξιον
1012 1671 1038 1703 δ’
1061 1682 1135 1704 cum
1158 1672 1344 1704 Hermanno
1368 1672 1400 1703 in
1422 1670 1494 1711 ἄξια
1518 1677 1683 1704 mutentur
1700 1683 1829 1704 necesse
1846 1678 1908 1711 est,

206 1733 302 1764 quum
319 1722 463 1766 legitima
479 1723 521 1755 sit
538 1722 743 1755 bacchiorum
759 1734 832 1755 cum
849 1721 1040 1755 dochmiacis
1063 1722 1267 1755 consociatio.
1319 1722 1405 1753 Hinc
1422 1722 1531 1764 prodit
1547 1723 1647 1754 totius
1663 1722 1814 1765 strophae
1837 1733 1908 1754 sen-

204 1773 304 1804 tentia
321 1772 415 1805 haec:
442 1773 528 1815 „Ex
554 1773 756 1816 Apollinis
782 1772 957 1805 oraculo
981 1773 1158 1805 Justitia
1180 1772 1326 1815 culpae
1351 1772 1613 1805 inveteratae
1629 1783 1782 1815 poenas
1798 1784 1907 1815 repe-

204 1822 306 1854 tivit.
367 1823 533 1867 Semper
562 1828 694 1856 autem
723 1823 833 1855 Deus
863 1823 1001 1855 victor
1037 1823 1184 1855 existit
1212 1821 1559 1865 manifestumque
1588 1828 1653 1854 est
1682 1821 1801 1862 illud,
1832 1834 1905 1854 non

204 1883 292 1905 esse
318 1873 580 1913 serviendum
606 1874 730 1906 malis.
782 1872 862 1905 Par
887 1873 1018 1917 igitur
1040 1878 1102 1905 est
1127 1871 1308 1904 coeleste
1334 1872 1545 1916 imperium
1567 1873 1790 1904 revereri.“

302 1923 500 1955 Antimesodi
522 1923 645 1956 facilior
668 1928 717 1955 est
737 1922 937 1963 emendatio,
960 1933 1057 1966 quum
1080 1921 1230 1954 mesodus
1247 1921 1367 1954 nullam
1389 1922 1483 1965 plane
1500 1922 1697 1954 contraxerit
1712 1922 1817 1954 labem
1835 1933 1903 1953 ver-

202 1983 357 2015 suumque
374 1973 611 2007 intercalarium
628 1974 660 2006 in
677 1974 809 2018 syzygia
825 1973 921 2006 tertia
937 1985 1012 2006 usus
1030 1972 1071 2005 ad
1088 1972 1234 2004 lacunam
1251 1972 1442 2015 explendam
1464 1978 1577 2016 sponte
1594 1973 1678 2005 viam
1695 1972 1902 2016 praemuniat.

201 2023 238 2055 In
255 2022 401 2055 Medioeo
419 2024 499 2057 haec
516 2030 604 2060 sunt:
1163 2063 1166 2066 ,

733 2076 833 2114 μέγαν
848 2073 874 2105 τ’
891 2072 1056 2119 ἆφῃρέθην
1073 2072 1194 2116 ψάλιον
1210 2074 1304 2105 οἴκων

736 2122 834 2164 ἄναγε
849 2125 914 2164 μὰν
930 2122 1051 2164 δόμοις·
1070 2124 1172 2155 πολιὶν
1189 2122 1271 2164 ἄγαν
1287 2123 1401 2166 χρόνον

733 2178 958 2214 χαμαιπετεῖσε
974 2172 1075 2206 nete&
1099 2174 1171 2215 αἰεί.
