2117 2503
1053 119 1072 149 4

202 222 233 252 in
261 221 375 262 quibus
395 219 500 254 ἑστίας
518 219 616 258 μύσος
634 230 708 249 arae
727 218 921 249 domesticae
947 218 1063 248 dicitur
1090 219 1333 255 contaminatio,
1366 229 1448 259 quae
1479 218 1587 249 matris
1618 218 1717 249 caede
1741 217 1825 249 facta
1857 224 1914 250 est.

202 270 336 301 Accedit
356 269 458 301 altera
477 280 607 307 caussa,
634 280 717 310 quae
742 280 779 298 ex
801 268 943 308 legibus,
972 268 1086 308 quibus
1106 268 1281 310 Aeschylus
1303 268 1479 299 dochmiaci
1499 269 1590 299 metri
1608 279 1700 299 usum
1718 269 1917 310 temperavit,

204 326 252 351 est
271 319 456 362 repetenda.

309 371 410 401 Metro
440 368 626 400 dochmiaco
651 387 701 391 -
726 368 884 409 loquimur
911 373 1015 398 autem
1043 367 1082 397 de
1109 368 1258 398 continuo
1278 367 1347 409 ejus
1366 379 1436 403 usu,
1464 379 1556 409 quem
1575 370 1688 409 συνεχῆ
1706 369 1922 410 ῥυθμοποιίαν

206 428 331 453 veteres
351 420 525 462 appellant,
545 430 606 450 non
627 418 666 449 de
685 418 818 460 singulis
837 418 1014 453 ordinibus,
1042 418 1095 459 qui
1115 418 1184 448 aliis
1212 418 1319 448 metris
1345 419 1581 458 δμσιιιερμίιίος
1605 424 1659 450 aut
1685 430 1720 450 re
1746 430 1821 450 vera
1848 424 1920 450 sunt

206 471 394 505 intermixti,
414 476 469 501 aut
488 469 659 500 intermixti
679 468 853 499 creduntur
876 487 926 491 —
952 467 1127 509 Aeschylus
1154 468 1184 498 in
1214 468 1343 499 canticis
1362 468 1496 499 choricis
1515 479 1576 499 non
1596 469 1678 500 solet
1696 470 1760 507 uti,
1786 469 1843 500 nisi
1863 474 1919 501 aut

207 522 238 553 in
264 521 317 558 iis,
344 531 478 562 quorum
503 519 653 561 strophae
679 519 866 550 histrionum
894 519 1092 549 sermonibus
1117 518 1375 560 interpellantur,
1403 524 1458 549 aut
1482 518 1511 549 in
1538 518 1591 555 iis,
1618 530 1700 561 quae
1720 520 1801 551 inter
1820 519 1919 551 hemi-

208 571 317 602 chorin
345 570 410 605 vel,
438 576 471 600 ut
500 569 551 600 alii
577 569 728 602 credunt,
755 569 838 599 inter
856 569 997 610 singulos
1017 568 1187 599 ‹·h0reutas
1206 574 1279 599 sunt
1297 568 1477 599 dividenda.
1531 570 1635 610 Atque
1659 570 1773 611 prioris
1792 570 1919 611 quidem

208 632 284 652 usus
310 621 388 651 haec
415 625 488 650 sunt
513 619 674 662 exempla:
703 619 792 661 Sept.
822 630 849 648 v.
873 620 939 649 211
971 618 1035 649 ἀλλ’
1063 620 1114 649 ἐπὶ
1141 618 1299 658 δαιμόνων
1339 630 1366 649 v.
1387 620 1455 649 417
1486 619 1540 649 τὸν
1564 618 1646 659 ἀμὸν
1673 622 1728 650 νῦν
1746 618 1922 651 ἀντίπαλον

210 670 359 708 ειῖιυχεΐν.
397 669 508 711 Suppl.
536 681 564 699 v.
594 669 661 699 347
700 670 919 706 γιαλαῖχθονος
944 671 1040 703 τέκος.
1066 669 1161 699 κλῦθί
1176 680 1245 707 μου.
1282 669 1396 710 Agam.
1417 679 1446 698 v.
1471 669 1562 698 1407
1592 671 1624 699 τί
1642 668 1748 706 κακόν,
1768 667 1792 700 ὦ
1815 669 1922 708 ravat,-

210 720 396 762 posterioris
422 725 527 750 autem
554 718 647 748 haec:
673 718 809 749 Eumen.
838 729 866 748 ν.
901 718 968 748 143
996 718 1045 748 ἰοῦ
1070 717 1129 755 ἰού,
1154 717 1271 755 πύπαξ.
1308 729 1337 748 v.
1360 719 1429 748 255
1457 717 1516 758 ὅρα
1541 717 1600 757 ὅρα
1623 718 1692 758 μάλ’
1711 717 1761 750 αὖ.
1797 730 1825 749 v,
1849 720 1919 750 778

211 771 247 801 ἰῶ
275 773 346 801 θεοὶ
374 769 515 808 νεώιεροι
542 769 695 803 uniamus
723 767 843 807 νόμους.
885 779 914 798 v.
944 768 1012 799 837
1043 767 1095 806 ἐμὲ
1120 770 1242 798 naeezv
1265 766 1350 799 uide.
1392 766 1480 809 Sept.
1508 778 1536 798 v.
1564 768 1608 799 78
1641 771 1777 809 θρέομαι
1801 769 1921 809 ([οβερά

210 819 314 859 μεγψῖϊ
334 818 400 859 lim.
446 819 554 853 Quare
574 829 668 859 quum
689 818 765 848 satis
784 818 947 859 cognitum
967 818 1018 853 sit,
1039 828 1131 858 quam
1151 828 1261 848 severe
1281 818 1454 859 Aeschylus
1480 818 1567 859 leges
1592 828 1664 849 suas
1690 819 1917 858 observaverit,

209 869 391 900 necessario
411 879 448 899 eo
469 867 706 910 compellimur.
725 873 759 898 ut
778 867 1042 909 Choephorornm
1061 867 1218 897 canticum
1237 866 1315 897 illud
1341 879 1403 898 non
1429 868 1467 898 ab
1493 868 1638 898 universo
1657 867 1771 907 choro,
1799 868 1855 899 sed
1880 869 1918 899 ab

211 919 412 951 hemichoriis
432 924 593 950 cantatum
614 918 791 949 credamus.
846 917 933 948 Idem
954 918 1088 948 suadent
1107 917 1190 948 duae
1209 917 1290 948 aliae
1308 929 1377 954 res,
1403 929 1481 960 quas
1506 917 1608 960 digito
1632 923 1824 950 monstrasse
1842 919 1919 949 satis

211 970 282 1000 erit.
335 970 480 1000 Primum
506 969 588 999 enim
614 969 644 999 in
670 969 795 999 cantico
819 967 860 999 de
883 980 946 1009 quo
967 969 1091 1010 agimus
1110 968 1222 998 eadem
1242 974 1290 999 est
1314 969 1482 1009 verborum
1501 968 1827 1011 interpunctionisque
1844 979 1917 1000 con-

210 1020 344 1051 cinnitas
364 1026 460 1061 atque
478 1020 507 1049 in
528 1019 658 1060 reliquis
677 1018 876 1049 antichoriis:

457 1092 524 1122 σῑρ.
554 1084 586 1111 α’
650 1082 739 1121 ἔμολε
794 1105 800 1112 .
855 1105 861 1111 .
917 1105 922 1111 .
977 1104 983 1111 .
1038 1105 1044 1111 .
1100 1104 1106 1111 .
1158 1080 1320 1121 βαρύδικος
1339 1079 1447 1117 ποινά,

456 1130 524 1162 chr.
554 1134 587 1160 (ι’
646 1132 734 1170 ἔμολε
790 1155 796 1162 .
851 1155 858 1161 .
913 1155 919 1161 .
974 1154 980 1161 .
1035 1155 1040 1160 .
1095 1156 1101 1161 ,
1154 1129 1331 1171 δολιόφρων
1350 1129 1457 1161 ποινά.

455 1191 522 1222 στρ.
550 1183 583 1211 α’
652 1182 742 1220 ἔμολε
760 1180 785 1211 δ’
803 1181 834 1216 ἐς
852 1178 947 1220 doum*
1000 1204 1006 1211 .
1061 1205 1068 1211 .
1122 1204 1129 1211 .
1183 1180 1310 1215 διπλοῦς
1324 1179 1418 1221 Ἄρης.

455 1230 522 1263 ἆντ.
551 1236 583 1262 α’
651 1231 737 1270 ἔθιγε
756 1231 780 1262 ὅ
799 1232 834 1263 ἐν
850 1230 936 1272 μάχᾳ
1002 1256 1009 1262 .
1065 1255 1071 1262 .
1125 1255 1132 1262 .
1186 1231 1260 1266 Διὸς
1277 1230 1364 1272 κόρα.

455 1292 522 1322 στρ.
550 1285 579 1320 γ’
648 1281 736 1322 πάρα
754 1282 789 1312 τᾶ
807 1284 874 1321 φῶς
891 1282 977 1311 ἰδεῖν.

457 1330 524 1362 ἀντ.
547 1335 575 1369 7¹
645 1331 733 1371 πάρα
751 1332 787 1362 τὸ
805 1334 870 1371 «sdic
887 1332 974 1361 ἰδεῖν.

455 1382 571 1421 μεσωδ.
647 1381 798 1420 ὁιποίμου
815 1380 908 1419 τύχας

456 1430 559 1471 dmm.
646 1432 796 1470 δυσοίμου
814 1431 907 1469 τύχας

211 1492 296 1534 quod
322 1492 455 1524 alterum
475 1492 666 1534 ἕπμμιῐνημιε
691 1493 845 1524 excidisse
869 1492 949 1524 infra
975 1492 1269 1523 demonstrabimus.
1325 1492 1451 1524 Deinde
1475 1492 1595 1531 hiatus,
1622 1503 1715 1534 quem
1742 1493 1916 1536 Aeschylus

209 1543 240 1574 in
260 1543 357 1574 totius
376 1543 463 1575 chori
482 1544 631 1579 canticis,
660 1544 772 1586 quibus
798 1543 847 1574 hic
875 1543 937 1574 illic
957 1542 1141 1574 dochmiaca
1160 1548 1332 1585 systemata
1351 1549 1423 1574 sunt
1442 1543 1640 1584 intermixta,
1666 1543 1834 1575 admittere
1852 1555 1914 1575 non

210 1593 304 1632 solet,
324 1594 382 1624 nisi
401 1595 454 1624 ubi
474 1594 676 1625 dochmiacos
695 1605 842 1624 numeros
861 1594 912 1624 alii
932 1594 1053 1624 numeri
1073 1599 1259 1634 sequuntur,
1281 1593 1370 1634 (nam
1389 1600 1461 1636 post
1479 1593 1724 1636 interjectiones,
1744 1594 1916 1626 Vocativos

210 1649 242 1674 et
260 1642 373 1674 similia
392 1644 422 1674 in
442 1644 524 1674 omni
544 1643 740 1675 canticorum
758 1654 878 1686 genere
897 1643 998 1686 major
1016 1649 1064 1674 est
1083 1643 1231 1685 libertas)
1258 1643 1363 1675 hiatus
1382 1644 1497 1686 igitur,
1525 1654 1622 1686 quum
1647 1644 1678 1674 in
1703 1644 1843 1675 carmine
1860 1644 1914 1675 illo

210 1694 292 1724 inter
311 1693 390 1725 duos
410 1693 610 1725 dochmiacos
636 1694 894 1736 deprehendatur
918 1694 1085 1727 admissus,
1111 1694 1200 1724 testis
1228 1700 1276 1725 est
1293 1694 1558 1725 hemichoriorum
1586 1694 1828 1726 alternationem
1846 1693 1914 1725 illa-

210 1748 275 1774 tam
294 1754 362 1774 esse
380 1743 427 1774 his
447 1743 542 1775 locis:
560 1744 723 1783 βαρύδικος
741 1744 837 1775 ποινά
854 1762 903 1767 —
922 1745 1010 1782 ἔμολε
1031 1743 1055 1773 θ’
1074 1744 1104 1779 ἐς
1122 1743 1219 1782 δόμον
1237 1749 1270 1775 et
1287 1745 1318 1775 in
1336 1744 1536 1786 antistrophe
1558 1744 1736 1786 δολιόφρων
1753 1744 1851 1776 ποινά
1869 1762 1917 1767 —

209 1792 297 1831 ἔθιγε
315 1792 339 1824 d·
358 1794 392 1825 ἐν
408 1793 505 1835 μάχᾳ.
560 1793 768 1835 Reliquarum
788 1799 892 1825 autem
911 1793 1113 1836 stropharum
1133 1805 1214 1836 quae
1234 1793 1330 1826 suerit
1356 1795 1386 1826 in
1412 1794 1605 1826 hemichoria
1622 1794 1763 1837 partitio,
1789 1805 1827 1826 ex
1845 1794 1914 1825 uni-

208 1853 300 1874 versa
327 1844 472 1874 carminis
492 1844 722 1885 compositione
741 1850 788 1874 est
807 1844 1032 1886 colligendum.
1073 1843 1126 1874 De
1145 1856 1206 1885 qua
1225 1845 1266 1876 G.
1285 1845 1490 1877 Hel-mannus
1509 1845 1583 1877 olim
1600 1845 1718 1877 rectius
1736 1846 1767 1876 in
1784 1844 1911 1885 scholis,

209 1893 323 1934 quibus
348 1892 561 1933 interfuimus,
589 1892 747 1935 judicavit
772 1904 868 1935 quam
893 1894 923 1924 in
955 1893 1128 1935 exemplari
1155 1894 1289 1933 emisso,
1323 1895 1355 1925 in
1387 1905 1450 1936 quo
1481 1894 1627 1938 strophas
1657 1896 1737 1926 κατὰ
1771 1897 1918 1934 συζυγίαν

209 1947 378 1986 sequentes
398 1941 488 1975 fecit:

920 1997 953 2024 αι
979 1997 1012 2025 ut
1039 2013 1084 2018 -
1111 1996 1143 2034 β(
1166 1996 1205 2033 βι-

208 2054 273 2086 Sed
291 2054 430 2088 dubitari
449 2067 511 2087 non
530 2062 651 2098 potest,
672 2057 748 2099 quin
767 2067 860 2087 verus
880 2056 930 2087 hic
949 2057 988 2088 sit
1006 2056 1210 2099 stropharum
1229 2057 1309 2089 ordo
1328 2058 1521 2090 mesodicus:

942 2124 1195 2161 aearssr

947 2165 1183 2209 U
