2117 2503
1060 31 1064 69 ἲ

1057 131 1079 162 6

207 231 273 264 Sed
290 232 389 263 verba
406 231 600 274 interpolata
618 229 719 261 πάλαι
737 230 827 261 δίκαν
844 230 994 261 omittere
1012 234 1044 261 et
1062 230 1094 261 in
1112 230 1244 273 reliquis
1261 231 1392 274 propius
1411 230 1452 263 ad
1469 231 1606 264 Medicei
1624 231 1697 264 libri
1715 231 1923 265 scholiorum-

206 293 269 324 que
296 282 483 313 memoriam
509 279 664 312 accedere
689 279 838 312 debebat.
893 279 976 310 Nam
1002 280 1089 322 quod
1114 281 1211 312 verba
1236 280 1291 312 illa
1315 280 1415 312 πάλαι
1441 282 1531 313 δίκαν
1555 287 1670 325 sponte
1686 283 1795 314 offerri
1813 283 1923 315 scribit

205 331 346 364 scholio:
374 332 527 373 ἐπεξῆλθε
546 331 603 372 τὴν
621 331 706 369 δίκην
723 330 779 370 τὴν
795 330 1016 370 βλαπτομένην
1033 330 1066 361 ἐκ
1084 331 1204 362 πολλοῦ
1220 329 1386 372 Ὀρέστης,
1414 331 1464 362 vix
1490 342 1683 374 quemquam
1700 332 1830 364 habebit
1847 344 1920 364 con-

206 383 413 421 sentientem,
439 392 537 424 quum
556 380 656 412 libera
674 379 754 411 haec
778 379 819 410 sit
838 390 876 410 ac
893 379 1062 411 maximam
1080 385 1204 422 partem
1221 382 1411 423 perturbata
1428 381 1611 425 sententiae¹
1623 381 1793 425 explicatio
1805 407 1813 422 ‚
1838 394 1921 425 quae

206 433 341 464 multum
360 432 468 464 differt
486 432 525 463 ab
544 431 646 462 altero
665 429 786 462 scholio
805 441 908 472 eoque
927 434 960 461 et
977 430 1110 462 meliore
1128 436 1161 462 et
1179 431 1365 471 vetustiore,
1385 431 1471 474 quod
1489 431 1530 463 ad
1543 432 1716 475 genuinam
1729 433 1921 476 scripturam

206 484 307 515 multo
326 483 456 526 propius
481 481 623 514 accedit:
649 482 705 522 τὴν
725 480 1026 522 Κλιταιμνήστραν,
1045 482 1101 522 τὴν
1119 482 1228 517 δολίως
1244 481 1451 521 βλάπτουσαν
1474 487 1525 513 καὶ
1542 483 1596 514 ἐπὶ
1614 483 1716 515 πολύν
1732 483 1848 526 χρόνον
1864 485 1921 516 τὸν

205 535 292 566 οἶκον
306 535 467 572 ἐποίχεται
486 531 503 573 ἦ
522 533 599 572 δίκη.
643 531 694 563 Ex
713 542 777 574 quo
796 530 916 562 scholio
935 531 1144 574 intelligitur,
1163 532 1300 574 primum
1317 532 1492 575 antiquitus
1510 544 1573 565 non
1589 534 1813 573 βλαπτομέναν
1830 534 1919 566 lecti—

206 589 308 615 tatum
334 583 447 621 fuisse,
481 582 538 614 sed
563 581 651 613 aliud
676 582 750 612 licet
774 581 876 612 simile
900 581 1108 620 vocabulum,
1141 593 1205 624 quo
1232 582 1490 625 Clytaemnestra
1512 583 1770 626 significabatur,
1805 584 1920 616 deinde

205 646 310 676 neque
340 634 490 665 Orestem
524 644 628 675 neque
659 631 839 675 Apollinem
876 632 1084 670 ἐποίχεσθαι,
1127 631 1185 663 sed
1216 632 1396 673 Justitiam,
1433 632 1474 664 de
1504 644 1567 675 qua
1597 632 1704 676 paullo
1737 638 1810 665 ante
1840 633 1920 667 baec

205 684 290 716 dicta
309 690 400 715 sunt:

700 732 787 770 ἔθιγε
805 731 829 762 δ’
848 732 883 762 ἐν
899 731 986 772 μάχᾳ
1004 732 1091 772 χερὸς
1109 732 1256 773 ἐτήτυμος

701 782 776 817 Διὸς
793 780 868 822 κόρα
886 800 937 806 --
955 785 1052 813 Δίκαν
1070 782 1105 814 δέ
1123 794 1172 813 νιν

698 832 977 872 προσαγορεύομεν
992 836 1098 873 βροτοὶ
1115 832 1259 870 τυχόντες
1276 833 1375 868 καλῶς
1394 850 1440 856 -

700 880 849 922 ὀλέθριον
867 881 994 913 nugario-⁹
1014 882 1047 913 ἐν
1064 882 1191 923 ἐχθροῖς
1208 881 1309 914 κότον.

205 959 329 995 Quibus
348 957 495 990 stabilitis
513 957 659 999 sequitur
677 957 867 988 sententiam
881 957 912 988 In
930 957 1111 988 universum
1130 956 1227 989 fuisse
1246 957 1342 989 hanc:
1372 957 1746 997 „Quemadmodum
1773 959 1915 1001 Apollo

204 1015 295 1040 erat
320 1009 592 1046 vaticinatus,
620 1007 677 1039 sic
701 1008 876 1038 Justitia
903 1007 939 1038 in
966 1007 1334 1049 Clytaemnestram
1361 1007 1564 1039 invehitur
1589 1008 1808 1051 caedisque
1827 1020 1916 1051 poe—

204 1071 274 1090 nas
300 1059 495 1101 repetit.“
547 1057 612 1089 Sed
631 1058 759 1088 ubinam
776 1057 930 1099 scriptum
948 1061 998 1088 est
1015 1057 1221 1089 vaticinatum
1240 1069 1310 1089 esse
1328 1057 1529 1100 Apollinem?
1563 1057 1701 1089 Delituit
1718 1058 1778 1090 hoc
1796 1059 1828 1090 in
1846 1070 1916 1091 cor-

204 1115 299 1151 rupta
313 1108 449 1141 Medicei
464 1108 622 1150 scriptura
637 1108 856 1146 ἐποχθειαξεν,
873 1118 967 1149 quam
981 1107 1101 1149 primus
1116 1106 1248 1149 Palejus
1267 1107 1471 1151 sagacissime
1490 1107 1644 1139 intellexit
1663 1113 1765 1140 ortam
1784 1120 1802 1140 e
1820 1110 1917 1140 verbo

203 1158 409 1200 ἐπορθιάζειν
430 1157 570 1189 scribens
595 1156 807 1197 ἐπορθιάζων.
860 1156 950 1188 Idem
973 1156 1041 1188 fere
1067 1157 1183 1188 Weilio
1209 1158 1240 1188 in
1265 1162 1403 1189 mentem
1421 1158 1508 1189 venit
1525 1157 1630 1200 Paleji
1648 1158 1821 1200 exemplari
1839 1170 1916 1190 non-

205 1208 281 1240 dum
305 1209 452 1252 cognito:
479 1209 630 1249 ἐπορθιᾷ.
683 1206 844 1238 Neutrum
868 1212 972 1238 tamen
997 1218 1037 1238 ex
1062 1207 1146 1238 omni
1166 1212 1258 1250 parte
1283 1208 1501 1250 probaverim,
1536 1219 1633 1250 quum
1666 1208 1758 1239 unius
1788 1208 1915 1241 litterae

203 1260 381 1291 mutatione
399 1258 499 1289 multo
518 1257 714 1289 commodius
733 1258 915 1300 tragicique
932 1258 1086 1289 sermonis
1104 1258 1293 1300 proprietati
1311 1258 1548 1290 convenientius
1566 1258 1660 1289 scribi
1681 1259 1796 1300 possit:
1821 1259 1916 1300 ἐπορ-

202 1312 332 1349 θίαξεν,
350 1314 387 1340 ut
404 1308 515 1351 Suppl.
536 1319 564 1339 v.
586 1308 632 1339 39
661 1307 926 1349 σφετεριξάμενον
943 1313 976 1339 et
993 1308 1107 1350 Agam.
1132 1308 1200 1339 130
1228 1308 1323 1349 Μοῖρ’
1341 1307 1507 1346 ἀλαπάξει.
1542 1308 1684 1339 Alteram
1702 1309 1917 1351 corruptelam

203 1358 324 1395 ἀδόλως
342 1360 453 1391 δολίαν
471 1358 520 1390 vel
539 1359 643 1393 δολίας
661 1357 788 1401 (utrum
815 1358 899 1389 enim
917 1358 947 1388 in
965 1357 1112 1390 Mediceo
1130 1358 1283 1400 scriptum
1301 1358 1361 1398 sit,
1381 1357 1572 1401 ambigitur)
1592 1358 1770 1401 Clausenus
1788 1359 1917 1391 sustulit

203 1410 381 1441 certissima
404 1408 643 1440 emendatione:
669 1406 793 1443 ἆδόλοις
818 1408 937 1444 δόλοις,
963 1419 1058 1449 quam
1082 1408 1274 1440 locutionem
1292 1408 1458 1451 praeclare
1484 1408 1779 1450 interpretatus-est
1797 1420 1916 1441 memo-

204 1465 275 1491 rato
292 1459 407 1502 fragm.
430 1459 520 1490 273:
547 1457 670 1499 ἀπάτης
686 1458 807 1493 δικαίας
824 1456 878 1489 οὔκ
896 1456 1076 1489 ἀποστατεῖ
1090 1458 1174 1493 θεός.
1226 1459 1364 1490 Restant
1381 1459 1482 1501 igitur
1499 1457 1696 1490 emendanda
1721 1458 1817 1490 haec:
1841 1461 1915 1499 βλα-

204 1512 368 1550 πτομὲναν
390 1509 425 1540 ἐν
442 1507 566 1549 χρόνοις
590 1511 715 1539 θεῖσαν.
767 1509 872 1550 Atque
890 1508 1068 1550 posteriora
1091 1507 1221 1550 quidem
1244 1509 1278 1540 ἐν
1301 1508 1424 1550 χρόνοις
1446 1512 1563 1540 θεῖσαν
1589 1520 1627 1540 ex
1653 1510 1916 1549 ἐγχρονισθεῖσαν

203 1560 337 1591 diducta
355 1571 425 1591 esse
443 1558 557 1590 eodem
576 1557 683 1598 modo,
703 1569 766 1601 quo
790 1558 838 1590 ἐπ’
864 1557 953 1597 ὄχθει
971 1557 1044 1596 ἆξεν
1062 1570 1101 1590 ex
1120 1559 1323 1601 ἐπορθίαξεν,
1341 1559 1498 1590 neminem
1519 1558 1603 1602 fugit
1620 1559 1702 1591 viam
1721 1564 1917 1591 monstrante

202 1611 412 1649 Hermanno,
432 1610 486 1651 qui
504 1609 578 1639 olim
597 1613 827 1650 χρονισϋεΐσαν
845 1614 915 1640 erat
933 1609 1129 1651 suspicatus;
1156 1609 1243 1651 prius
1262 1620 1338 1640 vero
1356 1609 1545 1641 vocabulum
1561 1611 1803 1650 βλαπτομέναν,
1830 1609 1916 1652 quod

204 1666 237 1691 et
261 1659 419 1692 sententia
444 1664 478 1691 et
502 1664 603 1691 metro
627 1659 806 1702 respuitur,
834 1658 995 1701 quomodo
1020 1658 1253 1690 emendandum
1276 1659 1334 1698 sit,
1368 1658 1508 1691 dubitari
1531 1664 1647 1702 potest.
1701 1659 1784 1691 Illud
1809 1665 1916 1692 tamen

203 1711 414 1742 certissimum
444 1714 494 1741 est
524 1714 659 1741 metrum
689 1709 836 1741 laborare
867 1709 926 1740 nisi
953 1709 1076 1741 duabus
1102 1708 1231 1752 syllabis
1256 1710 1407 1750 resectis,
1433 1710 1651 1752 orationisque
1677 1721 1760 1742 nexu
1779 1710 1915 1742 activam

204 1760 340 1791 formam
356 1759 489 1802 requiri,
509 1770 572 1790 non
589 1759 757 1801 passivam.
812 1759 874 1791 Cui
892 1759 1092 1791 incommodo
1111 1760 1268 1791 succurrit
1286 1759 1368 1791 alter
1386 1759 1439 1791 ille
1457 1759 1646 1799 scholiasta,
1678 1760 1731 1802 qui
1756 1760 1916 1804 integram

202 1810 294 1842 nobis
312 1810 450 1842 servavit
472 1814 683 1845 structuram:
710 1810 766 1850 τὴν
786 1809 1069 1851 Κλυταιμνῆστραν
1086 1810 1142 1850 τὴν
1165 1811 1273 1845 δολίως
1294 1809 1501 1850 βλάπτουσαν
1523 1814 1574 1841 καὶ
1600 1810 1653 1842 ἐπὶ
1676 1811 1778 1842 πολὺν
1800 1810 1915 1853 χρόνον

201 1862 260 1891 τὸν
277 1861 365 1892 οἷκον
382 1860 543 1898 ἐποίχεται
562 1858 579 1900 ἦ
597 1859 673 1899 δίκη.
725 1859 756 1890 Is
775 1859 806 1890 in
825 1859 1015 1901 exemplari,
1040 1859 1128 1900 quod
1152 1864 1281 1891 secutus
1299 1864 1366 1899 est,
1385 1870 1496 1891 vocem
1514 1860 1632 1891 invenit
1651 1860 1774 1892 activae
1794 1861 1914 1903 signifi-

202 1909 336 1941 cationis
356 1919 490 1950 eamque
508 1909 625 1948 talem,
645 1919 728 1951 quae
746 1908 955 1951 explicatione
974 1913 1097 1952 egeret.
1149 1908 1265 1952 Neque
1283 1908 1482 1941 verisimilius
1501 1908 1674 1952 quidquam
1692 1909 1804 1953 conjici
1822 1921 1915 1953 posse

201 1966 291 2003 puto,
311 1970 408 2002 quam
427 1959 512 2002 quod
529 1959 696 2003 Reisigius
715 1963 748 1991 et
765 1960 810 1991 H.
825 1959 866 1990 L.
882 1959 1054 1991 Ahrensius
1071 1958 1294 2002 conjecerunt:
1306 1959 1439 2002 βλάβαν,
1453 1970 1517 2002 qua
1530 1971 1609 1992 voce
1627 1960 1745 2003 optime
1763 1966 1796 1993 et
1812 1965 1915 1993 metro

202 2015 235 2041 et
258 2010 437 2042 sententiae
461 2010 646 2041 consulitur.
701 2009 809 2051 Βλάβη
835 2010 918 2041 enim
942 2015 1109 2052 poetarum
1134 2021 1222 2041 more
1240 2016 1273 2042 et
1290 2010 1386 2052 culpa
1403 2010 1472 2052 ipsa
1489 2011 1648 2042 crimenve
1665 2010 1800 2049 dicitur,
1826 2016 1858 2042 et
1875 2011 1913 2051 is,

201 2061 255 2102 qui
273 2060 400 2103 culpam
419 2059 587 2092 commisit.
641 2060 762 2092 Totum
782 2060 883 2103 igitur
900 2059 1004 2091 locum
1022 2061 1068 2092 sic
1086 2065 1259 2104 purgatum
1277 2060 1479 2093 exhibemuse

348 2134 449 2177 τάπερ
468 2134 486 2167 ὁ
499 2136 615 2173 Λοξίας
633 2134 649 2167 ὁ
664 2135 847 2176 Παρνάσιος
859 2138 958 2175 μέγαν
972 2135 1051 2175 ἔχων
1067 2136 1168 2176 μυχὸν
1184 2137 1301 2175 χθονὸς
1317 2136 1523 2177 ἑπορθίαξεν,
1540 2134 1664 2171 ἀδόλοις
1681 2135 1782 2171 δόλοις
1796 2135 1917 2177 βλάβαν

1183 2186 1446 2228 ἐγχρονισθεῖσαν
1463 2186 1634 2225 ἐποίχεται.
