2117 2503
1043 47 1046 63 l

1056 103 1076 134 S

203 204 307 235 Recte
321 202 389 245 jam
408 202 462 233 diu
482 202 575 233 scribi
596 208 744 243 coeptum
763 207 827 232 est:
847 200 909 232 ἄνα
928 213 958 240 γε
976 202 1041 241 μὰν
1059 201 1159 242 δόμοι·
1179 203 1280 234 πολῦν
1293 200 1374 242 ἄγαν
1386 202 1502 243 χρόνον
1514 208 1717 243 χαμαιπετεῖς
1731 203 1846 236 ἔκεισθ’
1860 203 1922 243 ἇεί,

202 253 259 284 sed
285 253 325 283 de
349 252 478 293 reliquis
504 263 620 293 anceps
649 251 752 282 adhuc
774 250 929 292 judicium
955 257 1012 282 est.
1068 252 1274 282 Hermannus
1298 251 1435 293 conjecit
1465 254 1544 291 μέγα
1576 253 1601 284 τ’
1628 252 1773 296 ἀφῃρέθη
1798 253 1920 296 ψάλιον

202 304 348 334 οἰκετῶν,
369 301 559 336 Abrensius,
580 312 672 343 quem
693 300 825 331 lVeilius
845 305 972 330 secutus
992 306 1056 337 est,
1078 302 1203 333 ot'zt'mv:
1231 306 1446 332 verumtamen
1474 312 1577 343 neque
1603 314 1636 332 τε
1660 301 1791 333 tolerari
1814 307 1920 344 potest

204 352 413 384 antecedente
432 351 690 393 epiphonemate.
710 361 814 391 neque
832 349 916 380 unde
944 363 959 381 r
984 350 1091 381 littera
1110 351 1142 381 in
1169 353 1336 394 ιὶᾳῃρέέῖην
1360 351 1504 393 profecta
1522 351 1579 390 sit,
1599 351 1799 394 intelligitur,
1818 363 1922 394 neque

203 402 284 433 alter
303 401 525 433 dochmiacus.
553 401 605 442 qui
631 412 647 431 a
674 400 770 442 longa
797 400 941 430 anacrusi
961 400 1058 430 ordiri
1079 400 1194 439 debet,
1221 411 1294 431 cum
1313 401 1473 443 strophico
1493 407 1541 432 est
1559 407 1771 443 exaequatus;
1797 402 1919 433 inaudi-

202 458 269 483 tum
294 452 377 483 enim
402 451 482 482 foret
512 451 541 481 in
567 456 720 492 quattuor
747 449 939 480 dochmiacis
964 450 1011 481 bis
1032 461 1101 481 esse
1121 450 1301 481 liberiorem
1320 451 1556 493 responsionem
1575 451 1754 482 admissam.
1809 452 1917 487 Quare

201 514 259 533 nos
279 502 405 543 quidem
426 501 618 542 Aeschylum
638 502 680 531 sic
700 501 863 542 scripsisse
881 501 1095 541 suspicamur:

768 557 872 598 μεγάλ’
892 557 1036 603 ἀφῃρέθη
1058 561 1112 589 νῦν
1133 557 1219 601 ψάλί
1239 559 1356 589 οἰκέων.

195 623 271 653 'Vox
296 623 393 657 οἰκεῖς
419 622 522 652 rarior
545 621 598 652 illa
625 620 770 662 quidem.
797 620 853 651 sed
872 621 1002 663 tragicis
1021 626 1127 652 tamen
1146 621 1249 662 poetis
1267 622 1385 652 usitata
1410 627 1458 653 est
1476 621 1576 653 forma
1594 633 1652 664 pro
1671 624 1787 662 οἰκέτης
1805 621 1917 653 iidem-

203 684 264 714 que
284 677 399 713 poetae
418 671 572 714 pluralem
602 671 702 713 ψάλια
729 671 881 712 singulari
902 670 1064 712 praeferre
1083 671 1203 708 solent;
1233 674 1288 702 νῦν
1307 677 1413 702 autem
1432 672 1570 702 eruimus
1589 684 1626 702 ex
1647 685 1663 703 ι’
1682 673 1807 711 littera,
1835 683 1916 713 quae

204 724 234 753 in
259 722 406 753 Mediceo
432 723 529 752 serbo
555 720 700 762 ἇιχῃρίΰη
726 726 774 751 est
800 719 935 762 adjecta.
989 720 1105 762 Neque
1130 720 1195 751 ulla
1219 721 1250 751 in
1275 732 1313 751 eo
1340 727 1388 752 est
1413 722 1566 760 offensio,
1591 722 1677 763 quod
1706 721 1829 753 vincula
1854 733 1916 753 non

203 776 314 809 nimus,
335 771 392 802 sed
412 773 547 802 υῐκεῗσιν
566 770 716 812 adempta
736 770 904 803 dicuntur.
926 770 965 801 de
984 781 1045 812 qua
1065 782 1100 801 re
1117 770 1251 801 Weilius
1271 770 1443 802 dubitavit:
1473 773 1538 810 „At
1563 773 1618 802 hoc
1636 773 1699 802 luco
1719 775 1789 812 ipsa
1808 773 1914 802 domus

203 823 290 852 humi
308 821 438 863 olflscla
458 833 490 851 se
509 832 620 851 rursus
639 821 917 863 erigerejnhelnr.
942 832 1021 861 qnae
1042 820 1273 861 praeparanda
1299 824 1408 857 erant,
1436 833 1494 851 ιιοιι
1520 833 1556 851 ea
1576 833 1655 861 qnae
1673 822 1803 862 stropha
1820 833 1914 861 prae-

203 872 330 902 cedenle
349 873 493 911 exposita
513 874 603 904 sunl,
617 873 691 911 post
709 881 830 901 versum
849 871 1070 901 intercalarem
1088 871 1337 901 coule'nuanda.“
1388 871 1526 902 Prorsus
1544 871 1619 902 nihil
1638 872 1788 910 interest,
1807 877 1914 902 utrum

203 922 278 952 οἶκοι
299 932 337 951 an
362 922 452 955 οἰκεῖς
470 920 618 951 dicantur
636 920 778 955 liberati:
806 920 917 951 eodem
935 921 1018 951 enim
1036 920 1131 951 modo
1151 921 1181 951 in
1200 920 1266 950 his:
1284 919 1346 950 ι’ἐνα
1364 932 1397 959 γε
1419 922 1484 960 μᾶν
1501 920 1603 960 δόμοι,
1622 932 1683 952 non
1702 921 1814 952 domus
1833 922 1913 963 ipsa,

203 971 259 1002 sed
278 971 425 1001 universa
444 971 692 1013 Agamemnonis
710 970 829 1001 familia
849 975 896 1001 est
914 970 1132 1012 intelligenda.
1187 970 1222 1000 In
1247 970 1309 1000 fine
1331 981 1427 1001 unum
1453 971 1672 1002 dochmiacum
1690 971 1802 1002 deesse
1819 971 1915 1002 docet

204 1020 370 1057 mesodus,
398 1020 454 1051 sed
479 1019 659 1051 felicissimo
686 1031 761 1050 casu
787 1020 938 1062 contigit.
965 1026 1018 1055 ut,
1045 1031 1127 1061 quae
1151 1020 1319 1061 perierint,
1345 1021 1521 1051 certissime
1544 1021 1644 1051 evinci
1662 1022 1772 1062 possit.
1827 1020 1912 1051 Nam

204 1082 301 1112 quum
328 1070 423 1101 tertia
448 1070 578 1112 stropha
603 1070 848 1112 epiphonemate
866 1070 1015 1101 conclusa
1033 1071 1072 1101 sit
1092 1070 1168 1101 hoc:
1197 1069 1285 1111 πάρα
1313 1071 1347 1102 τὸ
1372 1073 1438 1110 φῶς
1461 1071 1540 1102 ἰδεῖν
1565 1070 1737 1112 itidemque
1762 1071 1794 1102 in
1812 1071 1914 1112 prima

204 1121 336 1162 syzygia
356 1120 486 1162 insignis
505 1121 546 1151 sit
565 1121 734 1151 verborum
754 1121 966 1151 concinnitas:
994 1121 1083 1158 ἔμολε
1101 1124 1158 1159 μὲν
1178 1121 1247 1150 dim:
1276 1143 1283 1150 .
1313 1143 1320 1151 .
1349 1144 1356 1151 .
1384 1120 1500 1157 ποινά,
1528 1121 1619 1160 ἔμολε
1636 1122 1655 1151 ὁ
1681 1118 1704 1161 ᾧ
1722 1122 1806 1159 μέλει
1832 1144 1838 1151 .

204 1170 316 1202 ποινάς
346 1171 525 1201 necessario
544 1171 718 1213 requiritur
742 1170 838 1201 etiam
864 1170 893 1200 in
920 1169 1055 1201 mesodis
1081 1169 1263 1212 hujusmodi
1282 1169 1457 1212 aequalitas
1477 1175 1573 1213 atque
1591 1176 1704 1213 sponte
1722 1181 1756 1201 se
1775 1171 1914 1202 offerunt

203 1221 316 1252 ultima
334 1221 455 1253 mesodi
474 1222 571 1253 verba
591 1223 741 1260 δυσοίμου
757 1221 859 1260 τύχας,
875 1232 955 1262 quae
974 1233 1035 1252 non
1055 1220 1249 1258 dubitamus,
1264 1221 1339 1263 quin
1357 1221 1388 1252 in
1407 1221 1605 1253 antimesodo
1624 1221 1760 1264 repetita
1778 1220 1913 1252 fuerint:

697 1283 758 1314 ἄνα
777 1296 809 1322 γε
827 1284 891 1323 μὰν
909 1282 998 1323 δόμοι
1017 1302 1067 1306 -
1085 1284 1186 1315 πολὺν
1203 1282 1286 1323 ἄγαν
1304 1283 1418 1325 χρόνον

696 1338 900 1373 χαμαιπετεῖς
919 1332 1033 1365 ἔκεισθ’
1053 1332 1101 1365 dez
1119 1352 1169 1357 —-

698 1384 850 1422 δυσοίμου
870 1383 970 1421 τῦχας.

206 1445 236 1475 h.
257 1457 304 1476 e.:
334 1445 564 1487 „Esurgite
593 1445 713 1476 aedes
731 1464 780 1468 —-
807 1445 872 1476 diu
900 1446 998 1476 enim
1026 1445 1131 1476 humi
1156 1444 1351 1487 jacuistis
1369 1463 1419 1468 —-
1444 1456 1486 1476 ex
1514 1445 1681 1476 fortuna
1707 1445 1918 1476 adversa.“

206 1496 311 1536 Atque
330 1506 369 1525 ne
388 1495 458 1535 quis
476 1494 537 1525 hoc
556 1495 766 1536 epiphonema
785 1495 876 1525 nimis
895 1494 1072 1536 sejunctum
1091 1496 1130 1525 ab
1150 1495 1186 1525 iis
1205 1494 1333 1533 credat,
1359 1506 1397 1525 ex
1421 1495 1534 1536 quibus
1561 1494 1593 1525 id
1611 1494 1752 1536 pendens
1770 1494 1918 1526 fecimus:

205 1543 269 1576 ἄνα
287 1557 319 1584 γε
337 1545 400 1584 μὰν
419 1544 521 1585 δόμοι,
541 1544 688 1587 exemplo
708 1546 747 1576 sit
767 1546 835 1588 ipsa
854 1545 907 1576 illa
926 1551 1106 1581 structura,
1127 1557 1210 1587 quae
1227 1545 1258 1576 in
1276 1545 1378 1587 prima
1397 1550 1445 1576 est
1464 1544 1680 1588 antistrophe:

699 1609 774 1643 -Ῐὶὁς
791 1608 869 1649 κόρα
887 1626 936 1632 —
954 1612 1053 1639 Δίκαν
1072 1609 1108 1639 δέ
1126 1621 1173 1639 νιν

697 1658 974 1701 προσαγορεύομεν
999 1662 1106 1700 βροτοὶ
1126 1656 1268 1697 τυχόντες
1286 1658 1385 1693 καλῶς
1401 1676 1452 1682 -

697 1707 845 1750 ὄλὲθριον
863 1709 990 1740 rufove-¹
1009 1709 1044 1740 ἐν
1063 1709 1188 1749 ἐχθροῖς
1205 1707 1306 1740 κότον.

306 1768 425 1799 Ultima
444 1769 576 1810 stropha
597 1770 677 1801 adeo
697 1776 744 1802 est
762 1772 965 1812 perturbata,
990 1777 1025 1801 ut
1045 1770 1121 1816 quid
1140 1771 1179 1801 ab
1198 1769 1463 1812 Aeschylimanu
1480 1769 1660 1812 profectum
1677 1770 1735 1809 sit,
1754 1780 1812 1811 pro
1831 1774 1919 1803 certo

207 1817 269 1850 dici
288 1824 434 1860 nequeat.
489 1819 556 1852 Sed
574 1819 681 1853 licebit
700 1827 806 1853 tamen
825 1820 1013 1853 emendandi
1032 1820 1208 1864 periculum
1226 1819 1352 1860 facere,
1379 1820 1569 1864 praesertim
1593 1831 1691 1864 quum
1709 1818 1921 1855 demonstrari

205 1869 321 1910 possit,
342 1870 442 1900 minus
461 1881 532 1901 eam
549 1870 734 1902 lacunosum
752 1883 833 1910 esse,
854 1883 947 1912 quam
966 1883 1067 1913 nuper
1086 1883 1104 1902 a
1123 1870 1237 1901 Weilio
1257 1871 1367 1902 habita
1386 1877 1444 1902 est.
1498 1871 1663 1903 Mediceus
1682 1870 1762 1902 haec
1779 1870 1893 1902 habet:

698 1933 780 1973 τάχα
798 1935 830 1966 ὁὲ
850 1934 1002 1975 παντελὴς
1020 1933 1130 1975 χρόνος
1148 1930 1320 1975 ἀμείψεται
1346 1962 1348 1964 ,

1175 1975 1221 2011 ἀφ’
1232 1979 1257 2005 G.

699 2017 848 2058 πρόθυρα
866 2017 1035 2056 δωμάτων,
1055 2016 1098 2048 ὅτ’
1117 2015 1158 2047 ἄν
1175 2015 1251 2057 ἄμφ’
1270 2016 1383 2048 {aviac

992 2072 1008 2094 η

698 2100 797 2140 μύσος
815 2102 881 2131 πᾶν
900 2099 1004 2132 ἐλάσει

700 2154 877 2192 καθαρμοῖς
896 2149 984 2182 ἰέπαν
1001 2149 1175 2192 ἐλατῆριον.
